@article{lim2024safebpf,
  title={SafeBPF: Hardware-assisted Defense-in-depth for eBPF Kernel Extensions},
  author={Lim, Soo Yee and Prasad, Tanya and Han, Xueyuan and Pasquier, Thomas},
  journal={arXiv preprint arXiv:2409.07508},
  year={2024}
}
@article{zheng2023bpftime,
  title={bpftime: userspace eBPF Runtime for Uprobe, Syscall and Kernel-User Interactions},
  author={Zheng, Yusheng and Yu, Tong and Yang, Yiwei and Hu, Yanpeng and Lai, XiaoZheng and Quinn, Andrew},
  journal={arXiv preprint arXiv:2311.07923},
  year={2023}
}
@misc{windows-ebpf,
  author = {microsoft},
  title = {eBPF for Windows},
  note={\url{https://github.com/microsoft/ebpf-for-windows}}
,
  year={2024}
}
@article{hubinger2024sleeper,
  title={Sleeper agents: Training deceptive llms that persist through safety training},
  author={Hubinger, Evan and Denison, Carson and Mu, Jesse and Lambert, Mike and Tong, Meg and MacDiarmid, Monte and Lanham, Tamera and Ziegler, Daniel M and Maxwell, Tim and Cheng, Newton and others},
  journal={arXiv preprint arXiv:2401.05566},
  year={2024}
}
@misc{math-reasoning,
  author = {OpenAI Team},
  title = {Improving mathematical reasoning with process supervision},
  note={\url{https://openai.com/index/improving-mathematical-reasoning-with-process-supervision/}}
} 
@article{tan2019communicate,
  title={How to communicate when submitting patches: An empirical study of the Linux kernel},
  author={Tan, Xin and Zhou, Minghui},
  journal={Proceedings of the ACM on Human-Computer Interaction},
  volume={3},
  number={CSCW},
  pages={1--26},
  year={2019},
  publisher={ACM New York, NY, USA}
}
@inproceedings{schneider2016differentiating,
  title={Differentiating communication styles of leaders on the linux kernel mailing list},
  author={Schneider, Daniel and Spurlock, Scott and Squire, Megan},
  booktitle={Proceedings of the 12th International Symposium on Open Collaboration},
  pages={1--10},
  year={2016}
}
@misc{linux,
    author = {Ansen},
  title = {How to ask question in maillist},
  note={\url{https://www.linuxquestions.org/questions/linux-kernel-70/how-to-ask-question-in-maillist-4175719442/}}
}
@misc{o1,
  author = {OpenAI Team},
  title = {Introducing OpenAI o1-preview},
  note={\url{https://openai.com/index/introducing-openai-o1-preview/}}
} 
@article{achiam2023gpt,
  title={Gpt-4 technical report},
  author={Achiam, Josh and Adler, Steven and Agarwal, Sandhini and Ahmad, Lama and Akkaya, Ilge and Aleman, Florencia Leoni and Almeida, Diogo and Altenschmidt, Janko and Altman, Sam and Anadkat, Shyamal and others},
  journal={arXiv preprint arXiv:2303.08774},
  year={2023}
}
@article{li2024enhancing,
  title={Enhancing Static Analysis for Practical Bug Detection: An LLM-Integrated Approach},
  author={Li, Haonan and Hao, Yu and Zhai, Yizhuo and Qian, Zhiyun},
  journal={Proceedings of the ACM on Programming Languages},
  volume={8},
  number={OOPSLA1},
  pages={474--499},
  year={2024},
  publisher={ACM New York, NY, USA}
}
@article{lightman2023let,
  title={Let's verify step by step},
  author={Lightman, Hunter and Kosaraju, Vineet and Burda, Yura and Edwards, Harri and Baker, Bowen and Lee, Teddy and Leike, Jan and Schulman, John and Sutskever, Ilya and Cobbe, Karl},
  journal={arXiv preprint arXiv:2305.20050},
  year={2023}
}
@article{deligiannis2023fixing,
  title={Fixing rust compilation errors using llms},
  author={Deligiannis, Pantazis and Lal, Akash and Mehrotra, Nikita and Rastogi, Aseem},
  journal={arXiv preprint arXiv:2308.05177},
  year={2023}
}
@article{chen2023teaching,
  title={Teaching large language models to self-debug},
  author={Chen, Xinyun and Lin, Maxwell and Sch{\"a}rli, Nathanael and Zhou, Denny},
  journal={arXiv preprint arXiv:2304.05128},
  year={2023}
}
@inproceedings{zheng2024kgent,
  title={Kgent: Kernel Extensions Large Language Model Agent},
  author={Zheng, Yusheng and Yang, Yiwei and Chen, Maolin and Quinn, Andrew},
  booktitle={Proceedings of the ACM SIGCOMM 2024 Workshop on eBPF and Kernel Extensions},
  pages={30--36},
  year={2024}
}
@article{ouyang2022training,
  title={Training language models to follow instructions with human feedback},
  author={Ouyang, Long and Wu, Jeffrey and Jiang, Xu and Almeida, Diogo and Wainwright, Carroll and Mishkin, Pamela and Zhang, Chong and Agarwal, Sandhini and Slama, Katarina and Ray, Alex and others},
  journal={Advances in neural information processing systems},
  volume={35},
  pages={27730--27744},
  year={2022}
}

@inproceedings{fan2023large,
  title={Large language models for software engineering: Survey and open problems},
  author={Fan, Angela and Gokkaya, Beliz and Harman, Mark and Lyubarskiy, Mitya and Sengupta, Shubho and Yoo, Shin and Zhang, Jie M},
  booktitle={2023 IEEE/ACM International Conference on Software Engineering: Future of Software Engineering (ICSE-FoSE)},
  year={2023}
}

@article{ji2023survey,
  title={Survey of hallucination in natural language generation},
  author={Ji, Ziwei and Lee, Nayeon and Frieske, Rita and Yu, Tiezheng and Su, Dan and Xu, Yan and Ishii, Etsuko and Bang, Ye Jin and Madotto, Andrea and Fung, Pascale},
  journal={ACM Computing Surveys},
  year={2023},
  publisher={ACM New York, NY}
}

@article{wang2023voyager,
  title={Voyager: An open-ended embodied agent with large language models},
  author={Wang, Guanzhi and Xie, Yuqi and Jiang, Yunfan and Mandlekar, Ajay and Xiao, Chaowei and Zhu, Yuke and Fan, Linxi and Anandkumar, Anima},
  journal={arXiv preprint arXiv:2305.16291},
  year={2023}
}

@article{chen2023towards,
  title={Towards end-to-end embodied decision making via multi-modal large language model: Explorations with gpt4-vision and beyond},
  author={Chen, Liang and Zhang, Yichi and Ren, Shuhuai and Zhao, Haozhe and Cai, Zefan and Wang, Yuchi and Wang, Peiyi and Liu, Tianyu and Chang, Baobao},
  journal={arXiv preprint arXiv:2310.02071},
  year={2023}
}

@article{dong2023self,
  title={Self-collaboration code generation via chatgpt},
  author={Dong, Yihong and Jiang, Xue and Jin, Zhi and Li, Ge},
  journal={arXiv preprint arXiv:2304.07590},
  year={2023}
}

@article{lala2023paperqa,
  title={Paperqa: Retrieval-augmented generative agent for scientific research},
  author={L{\'a}la, Jakub and O'Donoghue, Odhran and Shtedritski, Aleksandar and Cox, Sam and Rodriques, Samuel G and White, Andrew D},
  journal={arXiv preprint arXiv:2312.07559},
  year={2023}
}

@article{lewis2020retrieval,
  title={Retrieval-augmented generation for knowledge-intensive nlp tasks},
  author={Lewis, Patrick and Perez, Ethan and Piktus, Aleksandra and Petroni, Fabio and Karpukhin, Vladimir and Goyal, Naman and K{\"u}ttler, Heinrich and Lewis, Mike and Yih, Wen-tau and Rockt{\"a}schel, Tim and others},
  journal={Advances in Neural Information Processing Systems},
  year={2020}
}
@inproceedings{lehman1996laws,
  title={Laws of software evolution revisited},
  author={Lehman, Manny M},
  booktitle={European workshop on software process technology},
  pages={108--124},
  year={1996},
  organization={Springer}
}
@inproceedings{brown2010managing,
  title={Managing technical debt in software-reliant systems},
  author={Brown, Nanette and Cai, Yuanfang and Guo, Yuepu and Kazman, Rick and Kim, Miryung and Kruchten, Philippe and Lim, Erin and MacCormack, Alan and Nord, Robert and Ozkaya, Ipek and others},
  booktitle={Proceedings of the FSE/SDP workshop on Future of software engineering research},
  pages={47--52},
  year={2010}
}
@inproceedings{godfrey2008past,
  title={The past, present, and future of software evolution},
  author={Godfrey, Michael W and German, Daniel M},
  booktitle={2008 Frontiers of Software Maintenance},
  pages={129--138},
  year={2008},
  organization={IEEE}
}
@misc{ebpf,
  author = {bpf.io},
  title = {What is eBPF},
  note={\url{https://ebpf.io/what-is-ebpf/}}
}
@article{bubeck2023sparks,
  title={Sparks of artificial general intelligence: Early experiments with gpt-4},
  author={Bubeck, S{\'e}bastien and Chandrasekaran, Varun and Eldan, Ronen and Gehrke, Johannes and Horvitz, Eric and Kamar, Ece and Lee, Peter and Lee, Yin Tat and Li, Yuanzhi and Lundberg, Scott and others},
  journal={arXiv preprint arXiv:2303.12712},
  year={2023}
}
@article{yao2022react,
  title={React: Synergizing reasoning and acting in language models},
  author={Yao, Shunyu and Zhao, Jeffrey and Yu, Dian and Du, Nan and Shafran, Izhak and Narasimhan, Karthik and Cao, Yuan},
  journal={arXiv preprint arXiv:2210.03629},
  year={2022}
}
@misc{llmnvida,
  author = {Nvida},
  title = {Large Language Models Explained},
  note={\url{https://resources.nvidia.com/en-us-new-llm-product/large-language-models-overview-web-page}}
}
@misc{copilot,
  author = {github},
  title = {Github Copilot},
  note={\url{https://github.com/features/copilot}}
}
@misc{core,
  author = {Andrii Nakryiko},
  title = {BPF CO-RE (Compile Once â€“ Run Everywhere)},
  note={\url{https://nakryiko.com/posts/bpf-portability-and-co-re/}}
}
@misc{libbpf1,
  author = {libbpf},
  title = {libbpf 1.0 release},
  note={\url{https://github.com/libbpf/libbpf/releases/tag/v1.0.0}}
}
@misc{crewai,
  title = {{CrewAI: Framework for Orchestrating Role-Playing, Autonomous AI Agents}},
  author = {{CrewAI Inc.}},
  year = {2024},
  howpublished = {\url{https://www.crewai.com/}},
  note = {Accessed: 2024-12-06}
}

@misc{gpts,
  author = {openai},
  title = {GPTs},
  note={\url{https://openai.com/index/introducing-gpts/}}
}
@misc{token,
  author = {Andrii Nakryiko},
  title = {BPF token},
  note={\url{https://lwn.net/Articles/959350/}}
}
@misc{spinlock,
  author = {Alexei Starovoitov},
  title = {bpf: introduce bpf\_spin\_lock},
  note={\url{https://patchwork.ozlabs.org/project/netdev/patch/20190124041403.2100609-2-ast@kernel.org/}}
}
@misc{bpf_iterators,
  author = {Kernel developers},
  title = {bpf\_iterators},
  note={\url{https://docs.kernel.org/bpf/bpf_iterators.html}}
}
@article{jin2024llms,
  title={From LLMs to LLM-based Agents for Software Engineering: A Survey of Current, Challenges and Future},
  author={Jin, Haolin and Huang, Linghan and Cai, Haipeng and Yan, Jun and Li, Bo and Chen, Huaming},
  journal={arXiv preprint arXiv:2408.02479},
  year={2024}
}
@misc{ebpfdocs,
  author = {ebpf-docs author},
  title = {eBPF docs},
  note={\url{https://github.com/isovalent/ebpf-docs/blob/master/data/feature-versions.yaml}}
}
@inproceedings{perry2000empirical,
  title={Empirical studies of software engineering: a roadmap},
  author={Perry, Dewayne E and Porter, Adam A and Votta, Lawrence G},
  booktitle={Proceedings of the conference on The future of Software engineering},
  pages={345--355},
  year={2000}
}
@article{brand2023using,
  title={Using GPT for market research},
  author={Brand, James and Israeli, Ayelet and Ngwe, Donald},
  journal={Harvard Business School Marketing Unit Working Paper},
  number={23-062},
  year={2023}
}
@misc{gpt4o,
  author = {openai},
  title = {gpt4o},
  note={\url{https://openai.com/index/hello-gpt-4o/}}
}
@misc{bpflink,
  author = {Andrii Nakryiko},
  title = {bpf\_link},
  note={\url{https://lore.kernel.org/bpf/87o8tesa5t.fsf@toke.dk/T/}}
}
@misc{kfuncs,
  author = {Linux Contributors},
  title = {kfuncs},
  note={\url{https://docs.kernel.org/bpf/kfuncs.html}}
}
@article{patel2024lotus,
  title={LOTUS: Enabling Semantic Queries with LLMs Over Tables of Unstructured and Structured Data},
  author={Patel, Liana and Jha, Siddharth and Guestrin, Carlos and Zaharia, Matei},
  journal={arXiv preprint arXiv:2407.11418},
  year={2024}
}
@article{iourovitski2024grade,
  title={Grade Score: Quantifying LLM Performance in Option Selection},
  author={Iourovitski, Dmitri},
  journal={arXiv preprint arXiv:2406.12043},
  year={2024}
}
@article{jin2024comprehensive,
  title={A comprehensive survey on process-oriented automatic text summarization with exploration of llm-based methods},
  author={Jin, Hanlei and Zhang, Yang and Meng, Dan and Wang, Jun and Tan, Jinghua},
  journal={arXiv preprint arXiv:2403.02901},
  year={2024}
}
@article{israeli2010linux,
  title={The Linux kernel as a case study in software evolution},
  author={Israeli, Ayelet and Feitelson, Dror G},
  journal={Journal of Systems and Software},
  volume={83},
  number={3},
  pages={485--501},
  year={2010},
  publisher={Elsevier}
}
@book{mens2008introduction,
  title={Introduction and roadmap: History and challenges of software evolution},
  author={Mens, Tom and Demeyer, Serge and Mens, Tom},
  year={2008},
  publisher={Springer}
}

@inproceedings{shen2023network,
  title={Network-Centric Distributed Tracing with DeepFlow: Troubleshooting Your Microservices in Zero Code},
  author={Shen, Junxian and Zhang, Han and Xiang, Yang and Shi, Xingang and Li, Xinrui and Shen, Yunxi and Zhang, Zijian and Wu, Yongxiang and Yin, Xia and Wang, Jilong and others},
  booktitle={Proceedings of the ACM SIGCOMM 2023 Conference},
  pages={420--437},
  year={2023}
}
@inproceedings{deri2019combining,
  title={Combining System Visibility and Security Using eBPF.},
  author={Deri, Luca and Sabella, Samuele and Mainardi, Simone and Degano, Pierpaolo and Zunino, Roberto},
  booktitle={ITASEC},
  volume={2315},
  year={2019}
}
@article{vieira2020fast,
  title={Fast packet processing with ebpf and xdp: Concepts, code, challenges, and applications},
  author={Vieira, Marcos AM and Castanho, Matheus S and Pac{\'\i}fico, Racyus DG and Santos, Elerson RS and J{\'u}nior, Eduardo PM C{\^a}mara and Vieira, Luiz FM},
  journal={ACM Computing Surveys (CSUR)},
  volume={53},
  number={1},
  pages={1--36},
  year={2020},
  publisher={ACM New York, NY, USA}
}

% Corrected references for AIware '25 revision
% All author names and details have been verified

@article{primes2024,
  title={{A Framework for Using LLMs for Repository Mining Studies in Empirical Software Engineering}},
  author={de Martino, Vincenzo and CastaÃ±o, Joel and Palomba, Fabio and Franch, Xavier and MartÃ­nez-FernÃ¡ndez, Silverio},
  journal={arXiv preprint arXiv:2411.09974},
  year={2024},
  note={Introduces the PRIMES framework}
}

@article{agent4se2024,
  title={{Large Language Model-Based Agents for Software Engineering: A Survey}},
  author={Liu, Junwei and Wang, Kaixin and Chen, Yixuan and Peng, Xin and Chen, Zhenpeng and Zhang, Lingming and Lou, Yiling},
  journal={arXiv preprint arXiv:2409.02977},
  year={2024},
  note={Survey of 106 papers on LLM-based agents for SE. GitHub: FudanSELab/Agent4SE-Paper-List}
}

@article{lmase2024,
  title={{LLM-Based Multi-Agent Systems for Software Engineering: Literature Review, Vision and the Road Ahead}},
  author={He, Junda and Treude, Christoph and Lo, David},
  journal={ACM Transactions on Software Engineering and Methodology},
  year={2024},
  doi={10.1145/3712003},
  note={arXiv:2404.04834}
}

@article{commitgen2024,
  title={{Automated Commit Message Generation with Large Language Models: An Empirical Study and Beyond}},
  author={Xue, Pengyu and Wu, Linhao and Yu, Zhongxing and Jin, Zhi and Yang, Zhen and Li, Xinyi and Yang, Zhenyu and Tan, Yue},
  journal={IEEE Transactions on Software Engineering},
  year={2024},
  doi={10.1109/TSE.2024.3478317},
  note={arXiv:2404.14824}
}

@article{apce2025,
  title={{AI-Powered Commit Explorer (APCE)}},
  author={Grees, Yousab and Iaremchuk, Polina and Ehsani, Ramtin and Parra, Esteban and Chatterjee, Preetha and Haiduc, Sonia},
  journal={arXiv preprint arXiv:2507.16063},
  year={2025},
  note={Tool for LLM-generated commit messages with evaluation prompts}
}

@inproceedings{llmchatbotsmsr2024,
  title={{LLM-Based Chatbots for Mining Software Repositories: Challenges and Opportunities}},
  author={Abedu, Samuel and Abdellatif, Ahmad and Shihab, Emad},
  booktitle={Proceedings of the 28th International Conference on Evaluation and Assessment in Software Engineering (EASE '24)},
  pages={432--438},
  year={2024},
  organization={ACM},
  doi={10.1145/3661167.3661218}
}

@article{coderesearcher2025,
  title={{Code Researcher: Deep Research Agent for Large Systems Code and Commit History}},
  author={Singh, Ramneet and Joel, Sathvik and Mehrotra, Abhav and Wadhwa, Nalin and Bairi, Ramakrishna B and Kanade, Aditya and Natarajan, Nagarajan},
  journal={arXiv preprint arXiv:2506.11060},
  year={2025},
  note={Microsoft Research}
}

@inproceedings{vyukov2020syzkaller,
  title={syzkaller: an unsupervised coverage-guided kernel fuzzer},
  author={Vyukov, Dmitry and Konovalov, Andrey},
  booktitle={Google},
  year={2020},
  note={\url{https://github.com/google/syzkaller}}
}

@misc{kerneldocs-checkpatch,
  title={Checkpatch --- The Linux Kernel documentation},
  author={{Linux Kernel Contributors}},
  howpublished={\url{https://docs.kernel.org/dev-tools/checkpatch.html}},
  year={2024},
  note={Accessed: 2024-12-06}
}

@misc{kerneldocs-submitting,
  title={Submitting patches: the essential guide to getting your code into the kernel},
  author={{Linux Kernel Contributors}},
  howpublished={\url{https://www.kernel.org/doc/html/latest/process/submitting-patches.html}},
  year={2024},
  note={Accessed: 2024-12-06}
}
