% Corrected references for AIware '25 revision
% All author names and details have been verified

@article{primes2024,
  title={{A Framework for Using LLMs for Repository Mining Studies in Empirical Software Engineering}},
  author={de Martino, Vincenzo and Castaño, Joel and Palomba, Fabio and Franch, Xavier and Martínez-Fernández, Silverio},
  journal={arXiv preprint arXiv:2411.09974},
  year={2024},
  note={Introduces the PRIMES framework}
}

@article{agent4se2024,
  title={{Large Language Model-Based Agents for Software Engineering: A Survey}},
  author={Liu, Junwei and Wang, Kaixin and Chen, Yixuan and Peng, Xin and Chen, Zhenpeng and Zhang, Lingming and Lou, Yiling},
  journal={arXiv preprint arXiv:2409.02977},
  year={2024},
  note={Survey of 106 papers on LLM-based agents for SE. GitHub: FudanSELab/Agent4SE-Paper-List}
}

@article{lmase2024,
  title={{LLM-Based Multi-Agent Systems for Software Engineering: Literature Review, Vision and the Road Ahead}},
  author={He, Junda and Treude, Christoph and Lo, David},
  journal={ACM Transactions on Software Engineering and Methodology},
  year={2024},
  doi={10.1145/3712003},
  note={arXiv:2404.04834}
}

@article{commitgen2024,
  title={{Automated Commit Message Generation with Large Language Models: An Empirical Study and Beyond}},
  author={Xue, Pengyu and Wu, Linhao and Yu, Zhongxing and Jin, Zhi and Yang, Zhen and Li, Xinyi and Yang, Zhenyu and Tan, Yue},
  journal={IEEE Transactions on Software Engineering},
  year={2024},
  doi={10.1109/TSE.2024.3478317},
  note={arXiv:2404.14824}
}

@article{apce2025,
  title={{AI-Powered Commit Explorer (APCE)}},
  author={Grees, Yousab and Iaremchuk, Polina and Ehsani, Ramtin and Parra, Esteban and Chatterjee, Preetha and Haiduc, Sonia},
  journal={arXiv preprint arXiv:2507.16063},
  year={2025},
  note={Tool for LLM-generated commit messages with evaluation prompts}
}

@inproceedings{llmchatbotsmsr2024,
  title={{LLM-Based Chatbots for Mining Software Repositories: Challenges and Opportunities}},
  author={Abedu, Samuel and Abdellatif, Ahmad and Shihab, Emad},
  booktitle={Proceedings of the 28th International Conference on Evaluation and Assessment in Software Engineering (EASE '24)},
  pages={432--438},
  year={2024},
  organization={ACM},
  doi={10.1145/3661167.3661218}
}

@article{coderesearcher2025,
  title={{Code Researcher: Deep Research Agent for Large Systems Code and Commit History}},
  author={Singh, Ramneet and Joel, Sathvik and Mehrotra, Abhav and Wadhwa, Nalin and Bairi, Ramakrishna B and Kanade, Aditya and Natarajan, Nagarajan},
  journal={arXiv preprint arXiv:2506.11060},
  year={2025},
  note={Microsoft Research}
}
